@Article{SoaresSant:2011:EnPoAt,
               author = "Soares, Marinalva Dias and Santos, Rafael Duarte Coelho 
                         dos",
          affiliation = "{} and {Instituto Nacional de Pesquisas Espaciais 
                         (INPE)}",
                title = "Ci{\^e}ncia Cidad{\~a}: O envolvimento popular em atividades 
                         cient{\'{\i}}ficas",
              journal = "Ci{\^e}ncia Hoje",
                 year = "2011",
               volume = "47",
               number = "281",
                pages = "38--43",
             abstract = "O crescente volume de dados gerados por instrumentos 
                         cient{\'{\i}}fi cos de medi{\c{c}}{\~a}o como, por exemplo, a 
                         imensa quantidade de imagens do espa{\c{c}}o exterior produzidas 
                         automa ticamente por telesc{\'o}pios desafi a t{\'e}cnicas tra- 
                         dicionais de processamento. Alguns cientistas que anali- sam esses 
                         dados v{\^e}m recorrendo {\`a} ajuda de volunt{\'a}rios sem 
                         treinamento que, coletivamente, conseguem process{\'a}- -los e 
                         tamb{\'e}m descobrir fen{\^o}menos previamente desconhecidos ali 
                         presentes. Esse tipo de colabora{\c{c}}{\~a}o {\'e} conhe- cido 
                         como ci{\^e}ncia cidad{\~a} e tem sido usado com sucesso em 
                         diferentes {\'a}reas de pesquisa cient{\'{\i}}fi 
                         ca.",
                 issn = "0101-8515",
                label = "lattes: 6047184744431931 1 
                         SoaresSant:2011:EnPoAt",
             language = "pt",
                  url = "http://urlib.net/dpi.inpe.br/plutao/2011/09.22.16.57",
           targetfile = "cienciacidada281.pdf",
        urlaccessdate = "22 nov. 2014"
}

@PhDThesis{Soares:2011:EmCiSc,
               author = "Soares, Marinalva Dias",
                title = "Employing citizen science to label polygons of segmented 
                         images",
               school = "Instituto Nacional de Pesquisas Espaciais",
                 year = "2011",
              address = "S{\~a}o Jos{\'e} dos Campos",
                month = "2011-06-06",
             keywords = "citizen science, polygons labeling, image segmentation, data 
                         quality, user reliability, ci{\^e}ncia cidad{\~a} 
                         rotula{\c{c}}{\~a}o de pol{\'{\i}}gonos, 
                         segmenta{\c{c}}{\~a}o de imagens, qualidade de dados, 
                         confiabilidade do usu{\'a}rio.",
             abstract = "A interpreta{\c{c}}{\~a}o de cenas em imagem pode ser 
                         considerada a associa{\c{c}}{\~a}o de significado sem{\^a}ntico 
                         aos objetos contidos na imagem. Normalmente, antes da 
                         interpreta{\c{c}}{\~a}o, {\'e} preciso segmentar a imagem. A 
                         segmenta{\c{c}}{\~a}o particiona uma imagem em regi{\~o}es 
                         (usualmente pol{\'{\i}}gonos), de modo que os elementos 
                         pertencentes a cada regi{\~a}o sejam similares com 
                         rela{\c{c}}{\~a}o a uma ou mais propriedades tais como 
                         n{\'{\i}}vel de cinza, textura ou cor. No entanto, a 
                         segmenta{\c{c}}{\~a}o pode criar um grande n{\'u}mero de 
                         pol{\'{\i}}gonos e esses pol{\'{\i}}gonos devem ser rotulados, 
                         usualmente com alta informa{\c{c}}{\~a}o sem{\^a}ntica. A 
                         rotula{\c{c}}{\~a}o de pol{\'{\i}}gonos pode ser manual ou 
                         autom{\'a}tica. A rotula{\c{c}}{\~a}o manual precisa de um 
                         especialista humano para usar seu conhecimento e experi{\^e}ncia. 
                         No entanto, esta tarefa {\'e}, embora n{\~a}o complexa, 
                         demorada, repetitiva e propensa a erros. {\'E} impratic{\'a}vel 
                         para um {\'u}nico especialista analisar e rotular 
                         pol{\'{\i}}gono por pol{\'{\i}}gono. A rotula{\c{c}}{\~a}o 
                         autom{\'a}tica deve incorporar conhecimento humano para obter 
                         sucesso. Entretanto, a rotula{\c{c}}{\~a}o autom{\'a}tica 
                         tamb{\'e}m pode levar a erros uma vez que os algoritmos n{\~a}o 
                         podem reproduzir fielmente o conhecimento e experi{\^e}ncia que 
                         os humanos usam. Esta tese apresenta uma alternativa para 
                         rotula{\c{c}}{\~a}o manual de pol{\'{\i}}gonos, baseada em 
                         citizen science, usando v{\'a}rios agentes humanos que podem ou 
                         n{\~a}o ter o mesmo conhecimento que o especialista para realizar 
                         a tarefa de rotula{\c{c}}{\~a}o. Citizen science envolve 
                         volunt{\'a}rios do p{\'u}blico em geral que agem como 
                         participantes ou observadores para coleta, 
                         classifica{\c{c}}{\~a}o ou an{\'a}lise de dados. Os dados dos 
                         volunt{\'a}rios podem ou n{\~a}o ser precisos; erros s{\~a}o 
                         esperados. Mas, coletivamente, a participa{\c{c}}{\~a}o de 
                         volunt{\'a}rios pode gerar conhecimento e bons resultados para a 
                         pesquisa cient{\'{\i}}fica. O experimento conduzido com os 
                         volunt{\'a}rios neste trabalho foi baseado na 
                         rotula{\c{c}}{\~a}o de mais de 2400 pol{\'{\i}}gonos 
                         resultantes da segmenta{\c{c}}{\~a}o de uma imagem de cena 
                         urbana. V{\'a}rias m{\'e}tricas foram derivadas das 
                         an{\'a}lises realizadas nos dados coletados durante o processo de 
                         rotula{\c{c}}{\~a}o. Isso possibilitou avaliar a qualidade e 
                         confiabilidade das rotula{\c{c}}{\~o}es dos volunt{\'a}rios. 
                         Essas m{\'e}tricas demonstraram que citizen science {\'e} uma 
                         abordagem vi{\'a}vel e {\'e} uma alternativa potencial para ser 
                         considerada para rotula{\c{c}}{\~a}o de pol{\'{\i}}gonos. O 
                         trabalho tamb{\'e}m mostra que esta alternativa agrega valores e 
                         complementa o conhecimento fornecido pelo especialista do 
                         dom{\'{\i}}nio. Exemplos de como essas m{\'e}tricas podem ser 
                         empregadas pelo especialista tamb{\'e}m s{\~a}o apresentados. 
                         ABSTRACT: Interpretation of scenes in image can be considered as 
                         associating semantic meaning to objects in the image. Usually, 
                         before the interpretation, it is necessary to segment the image. 
                         Segmentation partitions an image into regions (usually polygons), 
                         so the elements belonging to each region are similar with respect 
                         to one or more properties such as gray level, texture or color. 
                         However, segmentation may create several polygons and these 
                         polygons must be labeled, usually with semantically high 
                         information about it. Polygon labeling can be manual or automatic. 
                         Manual labeling needs a human expert to use his/her knowledge and 
                         experience. However, this task is, though not complex, 
                         time-consuming, repetitive and error prone. It is impractical for 
                         a single expert to analyze polygon by polygon and label them. 
                         Automatic labeling must incorporate human knowledge to be 
                         successful. However, automatic labeling may also to lead to errors 
                         since algorithms cannot reproduce faithfully the knowledge and 
                         experience that humans use. This thesis presents an alternative 
                         for manual labeling of polygons, based on citizen science, using 
                         several different human agents that may not have the same 
                         expertise as the expert to perform the labeling task. Citizen 
                         Science involves volunteers from the general public that act as 
                         participants or observers for data collection, classification or 
                         analysis. The volunteers' data may or may not be accurate; errors 
                         are expected. But, collectively, the volunteers' participation can 
                         generate knowledge and good results for scientific research. The 
                         experiment conducted with the volunteers in this work was based on 
                         labeling of more than 2400 polygons resulting from the 
                         segmentation of an image of urban scene. Several metrics have been 
                         derived from analyzing the data collected during the labeling 
                         process. This enabled the evaluation of the quality and 
                         reliability of their participation. These metrics demonstrated 
                         that citizen science is a feasible approach and it is a potential 
                         alternative to be considered for labeling polygons. The work also 
                         shows that this alternative aggregates values and complements the 
                         knowledge provided by a domain's expert. Examples of how these 
                         metrics may be employed by the expert are also 
                         presented.",
            committee = "Ribeiro, Carlos Henrique Costa (presidente) and Omar, Nizam 
                         (vice-presidente) and Dutra, Luciano Vieira (orientador) and 
                         Vijaykumar, Nandamudi Lankalapalli (orientador) and Davis Junior, 
                         Clodoveu Augusto and Brasileiro, Francisco 
                         Vilar",
           copyholder = "SID/SCD",
         englishtitle = "Empregando ci{\^e}ncia cidad{\~a} para rotular 
                         pol{\'{\i}}gonos de imagens segmentadas",
             language = "en",
                pages = "143",
                  url = "http://urlib.net/sid.inpe.br/mtc-m19/2011/08.02.16.43",
           targetfile = "publicacao.pdf",
        urlaccessdate = "22 nov. 2014"
}

@MastersThesis{Pereira:2013:NoInUs,
               author = "Pereira, Fernando de Oliveira",
                title = "Mobile Geogames - novas interfaces para o uso de dispositivos 
                         m{\'o}veis na coleta de dados de mobilidade urbana em pequenas 
                         {\'a}reas",
                 school = "Instituto Nacional de Pesquisas Espaciais 
                         (INPE)",
                 year = "2013",
              address = "S{\~a}o Jos{\'e} dos Campos",
                month = "2013-03-07",
             keywords = "dispositivos m{\'o}veis, mobilidade urbana, VGI, mobile geogames, 
                         Android, mobile devices, urban mobility, VGI, mobile geogames, 
                         Android.",
             abstract = "Este trabalho prop{\~o}e uma alternativa para lidar com as 
                         dificuldades enfrentadas por planejadores urbanos na coleta de 
                         dados orientada {\`a} mobilidade urbana em pequenas {\'a}reas, 
                         em uma escala espacial de bairro ou distrito. A 
                         solu{\c{c}}{\~a}o proposta, vai da (a) aquisi{\c{c}}{\~a}o, 
                         com base em novas interfaces para dispositivos m{\'o}veis, 
                         conceituadas como \textit{mobile geogames}, jogos motivacionais 
                         desenvolvidos para a participa{\c{c}}{\~a}o vo-lunt{\'a}ria no 
                         processo de aquisi{\c{c}}{\~a}o de dados de mobilidade, ao (b) 
                         armazenamento e processamento, com base em um servidor acessado 
                         pelos dispositivos m{\'o}veis atrav{\'e}s do jogo. A 
                         disserta{\c{c}}{\~a}o apresenta a formula{\c{c}}{\~a}o de uma 
                         arquitetura computacional para implementa{\c{c}}{\~a}o de jogos 
                         com estas caracter{\'{\i}}sticas, que leva em 
                         considera{\c{c}}{\~a}o, conceitos de informa{\c{c}}{\~a}o 
                         geogr{\'a}fica volunt{\'a}ria, computa{\c{c}}{\~a}o pervasiva, 
                         jogos e dados de trajet{\'o}ria. Por fim, um \textit{mobile 
                         geogame} dirigido por esta arquitetura, denominado URBANITAS, 
                         {\'e} desenvolvido, e uma prova de conceito {\'e} realizada em 
                         {\'a}reas pr{\'e}-determinadas na cidade de S{\~a}o Jos{\'e} 
                         dos Campos/SP. ABSTRACT: This work proposes an alternative to deal 
                         with the difficulties faced by urban planners in data collection 
                         oriented to urban mobility in small areas, on a spatial scale of 
                         neighborhood or district. The proposed solution, goes from (a) 
                         acquisition, based on new interfaces for mobile devices, 
                         conceptualized as mobile geogames, motivational games designed for 
                         the voluntary participation in the process of acquiring data of 
                         mobility, to (b) storage and processing, based on a server 
                         accessible to mobile devices through the game. The work presents 
                         the design of a computational architecture for implementing games 
                         with these features, which takes into account concepts of the 
                         volunteered geographic information, pervasive computing, gaming 
                         and data of tra-jectory. Lastly, a mobile geogame directed by this 
                         architecture, called URBANITAS, is developed, and a proof of 
                         concept is performed in predetermined areas in the city of 
                         S{\~a}o Jos{\'e} dos Campos/SP.",
            committee = "Monteiro, Antonio Miguel Vieira (presidente) and Carneiro, Tiago 
                         Garcia de Senna (orientador) and Ferreira, Karine Reis and 
                         Vijaykumar, Nandamudi Lankalapalli and Santos, Rafael Duarte 
                         Coelho dos and Silva, Antonio Nelson Rodrigues 
                         da",
           copyholder = "SID/SCD",
         englishtitle = "Mobile Geogames - new interfaces for use of mobile devices in data 
                         collection of urban mobility in small areas",
             language = "pt",
                pages = "96",
                  url = "http://urlib.net/sid.inpe.br/mtc-m19/2013/02.26.14.44",
           targetfile = "publicacao.pdf",
        urlaccessdate = "23 nov. 2014"
}

% Optional fields: volume/number, series, address, edition, month, note
@BOOK{Darwin1859,
    author = {Darwin, Charles},
    title = {On the Origin of Species},
    publisher = {John Murray},
    year = {1859}
}


% Optional fields: volume/number, series, address, edition, month, note
@BOOK{Hyde1891,
    author = {Hyde, James Wilson},
    title = {A Hundred Years by Post; a jubilee retrospect},
    address = {London, S. Low},
    publisher = {Marston},
    year = {1891}
}


@misc{DarwinProject_Correspondents,
subtitle={Darwin Correspondence Project},
title={Darwin Project},
url={http://www.darwinproject.ac.uk/all-darwins-correspondents},
urlaccessdate={1 Dez. 2014},
year={2014}
}



